<record><leader>00000cas a22000007a 4500</leader><controlfield tag="001">26443355</controlfield><controlfield tag="008">920819d18861888njuwr ne      0    0eng d</controlfield><datafield ind1=" " ind2=" " tag="010"><subfield code="a">sn 92059945 </subfield></datafield><datafield ind1=" " ind2=" " tag="040"><subfield code="a">NJW</subfield><subfield code="b">eng</subfield><subfield code="c">NJW</subfield><subfield code="d">OCLCQ</subfield></datafield><datafield ind1="0" ind2="0" tag="245"><subfield code="a">Roselle record.</subfield></datafield><datafield ind1=" " ind2=" " tag="260"><subfield code="a">Roselle, N.J. :</subfield><subfield code="b">E.H. Graves</subfield></datafield><datafield ind1=" " ind2=" " tag="300"><subfield code="a">v.</subfield></datafield><datafield ind1=" " ind2=" " tag="310"><subfield code="a">Weekly</subfield></datafield><datafield ind1="0" ind2=" " tag="362"><subfield code="a">Vol. 1, no. 1 (Feb. 12, 1886)-</subfield></datafield><datafield ind1="1" ind2=" " tag="362"><subfield code="a">Ceased in 1888?</subfield></datafield><datafield ind1=" " ind2=" " tag="752"><subfield code="a">United States</subfield><subfield code="b">New Jersey</subfield><subfield code="c">Union</subfield><subfield code="d">Roselle.</subfield></datafield></record>